@article{Booth1951Signed,
author = {Booth, Andrew D.},
doi = {10.1093/qjmam/4.2.236},
issn = {0033-5614},
journal = {The Quarterly Journal of Mechanics and Applied Mathematics},
number = {2},
pages = {236--240},
title = {{A signed binary multiplication technique}},
volume = {4},
year = {1951}
}
